\ OTHERS
@phdthesis{Nolasco2016,
author = {Sousa, Diogo Nolasco Ferreira},
keywords = {Scholar Data,Text Mining,Topic Modeling},
pages = {195},
school = {Universidade Federal do Rio de Janeiro},
title = {{Automatic Research Areas Identification in C{\&}T}},
year = {2016}
}
@book{RSL,
  title={Revis{\~a}o sistem{\'a}tica da literatura em engenharia de software: teoria e pr{\'a}tica},
  author={Nakagawa, Elisa Yumi and Scannavino, K{\'a}tia Romero Felizardo and Fabbri, Sandra Camargo Pinto Ferraz and Ferrari, Fabiano Cutigi},
  year={2017},
  publisher={Elsevier Brasil}
}

\ DEPRESSION AND PSYCHOLOGY LITERATURE
@book{HandbookDepression,
author = {Schnaas, Francisco J.},
booktitle = {The Journal of Clinical Psychiatry},
doi = {10.4088/jcp.v64n1218c},
isbn = {9781907673788},
issn = {0160-6689},
number = {12},
pages = {1523--1524},
title = {{Handbook of Depression}},
volume = {64},
year = {2003}
}


@book{mendels1972conceitos,
  title={Conceitos de depress{\~a}o},
  author={Mendels, Joseph},
  series={Cole{\c{c}}{\~a}o psicologia patologica},
  url={https://books.google.com.br/books?id=s717kQEACAAJ},
  year={1972},
  publisher={Livros Tecnicos e Cientificos}
}

@book{bucher1979depressão,
  title={Depress{\~a}o e melancolia: estudo hist{\'o}rico e psicopulsional sobre a estrutura e classifica{\c{c}}{\~a}o dos estados depressivos},
  author={Bucher, R. and de Mendon{\c{c}}a, I.},
  url={https://books.google.com.br/books?id=Gq0tAwEACAAJ},
  year={1979},
  publisher={Zahar}
}

@book{american2013diagnostic,
	title        = {Diagnostic and statistical manual of mental disorders (DSM-5{\textregistered})},
	author       = {American Psychiatric Association and others},
	year         = 2013,
	publisher    = {American Psychiatric Pub}
}
@article{Horvitz,
	title        = {{Data, privacy, and the greater good}},
	author       = {Horvitz, Eric and Mulligan, Deirdre},
	year         = 2015,
	month        = jul,
	journal      = {Science},
	volume       = 349,
	number       = 6245,
	pages        = {253--255},
	doi          = {10.1126/science.aac4520},
	issn         = {0036-8075},
	url          = {http://1.usa.gov/1eNy7qR. http://www.sciencemag.org/cgi/doi/10.1126/science.aac4520 https://www.sciencemag.org/lookup/doi/10.1126/science.aac4520},
}
@misc{freud1917mourning,
	title        = {Mourning and Melancholia. U: The Standard Edition of the Complete Psychological Works of Sigmund Freud, Volume XIV (1914-1916): On the History of the Psycho-Analytic Movement, Papers on Metapsychology and Other Works},
	author       = {Freud, Sigmund},
	year         = 1917,
	publisher    = {Diterjemahkan oleh James Strachey). London: The Hogart Press and The~…}
}
@article{IHME,
	title        = {Global, regional, and national incidence, prevalence, and years lived with disability for 354 diseases and injuries for 195 countries and territories, 1990–2017: a systematic analysis for the Global Burden of Disease Study 2017},
	author       = {Spencer L James and Degu Abate and Kalkidan Hassen Abate and Solomon M Abay and Cristiana Abbafati and Nooshin Abbasi and Hedayat Abbastabar and Foad Abd-Allah and Jemal Abdela and Ahmed Abdelalim and Ibrahim Abdollahpour and Rizwan Suliankatchi Abdulkader and Zegeye Abebe and Semaw F Abera and Olifan Zewdie Abil and Haftom Niguse Abraha and Laith Jamal Abu-Raddad and Niveen M E Abu-Rmeileh and Manfred Mario Kokou Accrombessi and Dilaram Acharya},
	year         = 2018,
	journal      = {The Lancet},
	volume       = 392,
	number       = 10159,
	pages        = {1789--1858},
	doi          = {https://doi.org/10.1016/S0140-6736(18)32279-7},
	issn         = {0140-6736},
	url          = {http://www.sciencedirect.com/science/article/pii/S0140673618322797}
}
@book{brody2018prevalence,
	title        = {Prevalence of depression among adults aged 20 and over: United States, 2013-2016},
	author       = {Brody, Debra J and Pratt, Laura A and Hughes, Jeffery P},
	year         = 2018,
	publisher    = {US Department of Health and Human Services, Centers for Disease Control and~…}
}
@incollection{Lech2014,
	title        = {Detection and prediction of clinical depression},
	author       = {Lech, Margaret and Low, Lu-Shih and Ooi, Kuan Ee},
	year         = 2014,
	booktitle    = {Mental Health Informatics},
	publisher    = {Springer},
	pages        = {185--199}
}
@article{elkin2008america,
	title        = {How America searches: Health and wellness},
	author       = {Elkin, Noah},
	year         = 2008,
	journal      = {Opinion Research Corporation: iCrossing},
	pages        = {1--17}
}


\ SOCIAL NETWORKS
@book{aggarwal2011socialnetwork,
	title        = {Social Network Data Analytics},
	author       = {Aggarwal, Charu C.},
	year         = 2011,
	publisher    = {Springer Publishing Company, Incorporated},
	isbn         = 1441984615,
	edition      = {1st}
}

@book{Barabasi2016,
address = {New York, New York, USA},
author = {Barab{\'{a}}si, Albert-L{\'{a}}szl{\'{o}}},
edition = {Cambridge },
file = {:home/silas/.var/app/com.elsevier.MendeleyDesktop/data/data/Mendeley Ltd./Mendeley Desktop/Downloaded/BARAB{\'{A}}SI - 2009 - Network science.pdf:pdf},
isbn = {1107076269},
mendeley-groups = {Books/Social Network},
pages = {479},
title = {{Network Science}},
url = {http://www.networksciencebook.com/},
year = {2016}
}
@book{Newman2018,
author = {Newman, Mark},
doi = {10.1093/oso/9780198805090.001.0001},
isbn = {9780198805090},
mendeley-groups = {Books/Social Network},
publisher = {Oxford University Press},
title = {{Networks}},
url = {http://www.oxfordscholarship.com/view/10.1093/oso/9780198805090.001.0001/oso-9780198805090},
volume = {1},
year = {2018}
}
@article{Boyd2007,
author = {Boyd, Danah M. and Ellison, Nicole B.},
doi = {10.1111/j.1083-6101.2007.00393.x},
issn = {10836101},
journal = {Journal of Computer-Mediated Communication},
mendeley-groups = {Social Networks},
number = {1},
pages = {210--230},
title = {{Social network sites: Definition, history, and scholarship}},
volume = {13},
year = {2007}
}



\ DESIGN SCIENCE RESEARCH AND METHODOLOGY
@book{Wieringa2014,
	title        = {{Design Science Methodology for Information Systems and Software Engineering}},
	author       = {Wieringa, Roel J.},
	year         = 2014,
	booktitle    = {Design Science Methodology: For Information Systems and Software Engineering},
	publisher    = {Springer Berlin Heidelberg},
	address      = {Berlin, Heidelberg},
	pages        = {1--332},
	doi          = {10.1007/978-3-662-43839-8},
	isbn         = {978-3-662-43838-1},
	url          = {http://link.springer.com/10.1007/978-3-662-43839-8},
}
@article{Smith1995,
	title        = {{Design and natural science research on information technology}},
	author       = {Smith, G. F. and March, S. T.},
	year         = 1995,
	journal      = {Decision Support Systems},
	volume       = 15,
	number       = 4,
	pages        = {251--266},
	url          = {https://www.sciencedirect.com/science/article/pii/0167923694000412{\%}0Ainternal-pdf:/Design and natural science research on information technology (printed).pdf},
}
@article{Peffers2007,
	title        = {{A design science research methodology for information systems research}},
	author       = {Peffers, Ken and Tuunanen, Tuure and Rothenberger, Marcus A. and Chatterjee, Samir},
	year         = 2007,
	journal      = {Journal of Management Information Systems},
	volume       = 24,
	number       = 3,
	pages        = {45--77},
	doi          = {10.2753/MIS0742-1222240302},
	issn         = {07421222},
}
@article{Razis2020,
	title        = {{Modeling Influence with Semantics in Social Networks}},
	author       = {Razis, Gerasimos and Anagnostopoulos, Ioannis and Zeadally, Sherali},
	year         = 2020,
	month        = feb,
	journal      = {ACM Computing Surveys (CSUR)},
	volume       = 53,
	number       = 1,
	pages        = {1--38},
	doi          = {10.1145/3369780},
	issn         = {0360-0300},
	url          = {http://dl.acm.org/doi/10.1145/3369780},
}
@article{HevnerAlan2007,
	title        = {{A Three Cycle View of Design Science Research}},
	author       = {Hevner, Alan},
	year         = 2007,
	journal      = {Scandinavian Journal of Information Systems},
	volume       = 19,
	number       = 2,
	pages        = {87--92},
}
@article{Hevner2004,
	author = {Hevner, Alan and March, Salvatore and Park, Jinsoo},
	doi = {10.2307/25148625},
	eprint = {/dl.acm.org/citation.cfm?id=2017212.2017217},
	isbn = {0276-7783},
	issn = {02767783},
	journal = {MIS Quarterly: Management Information Systems},
	number = {1},
	pages = {75--105},
	pmid = {12581935},
	title = {{Design Science in Information Systems Research}},
	volume = {28},
	year = {2004}
}

/author = {Pimentel, Mariano and others},
@incollection{Pimentel2019,
	author = {Pimentel, Mariano and Filippo, Denise and Santoro, Fl{\'{a}}via Maria},
	booktitle = {Metodologia de Pesquisa Cient{\'{i}}fica em Inform{\'{a}}tica na Educa{\c{c}}{\~{a}}o: Concep{\c{c}}{\~{a}}o de Pesquisa (Volume 1)},
	chapter = {5},
	isbn = {978-85-7669-493-9},
	pages = {29--43},
	title = {{Design Science Research: fazendo pesquisas cient{\'{i}}ficas rigorosas atreladas ao desenvolvimento de artefatos computacionais projetados para a educa{\c{c}}{\~{a}}o}},
	year = {2019}
}
@book{simon2019sciences,
  title={The sciences of the artificial},
  author={Simon, Herbert A},
  year={2019},
  publisher={MIT press}
}
@book{studyCaseYin2019,
  author          = {Yin, Robert K.},
  editor          = {{SAGE Publications}},
  isbn            = {9781506336183},
  issn            = {1506336183},
  mendeley-groups = {Books},
  pages           = {352},
  title           = {{Case Study Research and Applications}},
  url             = {https://www.cambridge.org/core/product/identifier/CBO9781107415324A009/type/book{\_}part},
  year            = {2019}
}

@article{Pimentel2020,
author = {Pimentel, Mariano and Filippo, Denise and {Santos Marcondes}, Thiago},
issn = {2182-4967},
journal = {RE@D - Revista de Educa{\c{c}}{\~{a}}o a Dist{\^{a}}ncia e eLearning},
keywords = {Design,Design Science Research,Modelo,Pesquisa,Processo de pesquisa},
number = {1},
pages = {37--61},
title = {{Design Science Research: pesquisa cient{\'{i}}fica atrelada ao design de artefatos}},
url = {https://journals.uab.pt/index.php/lead_read/article/view/203},
volume = {3},
year = {2020}
}



/IEEE
@inproceedings{calderon-vilca_simulation_2017,
	title        = {{Simulation of suicide tendency by using machine learning}},
	author       = {Calderon-Vilca, Hugo D and Wun-Rafael, William I and Miranda-Loarte, Roberto},
	year         = 2017,
	month        = oct,
	booktitle    = {2017 36th International Conference of the Chilean Computer Science Society (SCCC)},
	publisher    = {IEEE},
	address      = {Arica},
	pages        = {1--6},
	doi          = {10.1109/SCCC.2017.8405128},
	isbn         = {978-1-5386-3483-7},
	url          = {https://ieeexplore.ieee.org/document/8405128/},
}
@inproceedings{li_content_2013,
	title        = {{Content Analysis on User-Focused Support Features of Health Support Sites for Geriatric Depression}},
	author       = {Li, Jinhui and Theng, Yin Leng and Foo, Schubert and Fernando, Owen Noel Newton},
	year         = 2013,
	month        = sep,
	booktitle    = {2013 IEEE International Conference on Healthcare Informatics},
	publisher    = {IEEE},
	address      = {Philadelphia, PA, USA},
	pages        = {367--375},
	doi          = {10.1109/ICHI.2013.51},
	isbn         = {978-0-7695-5089-3},
	url          = {http://ieeexplore.ieee.org/document/6680498/},
}
@inproceedings{murtagh_analysing_2018,
	title        = {{Analysing Activities, Contextualized for General Health, Depression and Demographics}},
	author       = {Murtagh, Fionn},
	year         = 2018,
	month        = oct,
	booktitle    = {2018 IEEE 5th International Conference on Data Science and Advanced Analytics (DSAA)},
	publisher    = {IEEE},
	address      = {Turin, Italy},
	pages        = {547--554},
	doi          = {10.1109/DSAA.2018.00070},
	isbn         = {978-1-5386-5090-5},
	url          = {https://ieeexplore.ieee.org/document/8631452/},
	file         = {:home/silas/Downloads/murtagh2018.pdf:pdf},
	mendeley-groups = {Systematic Review/v3.0/IEEE}
}
@inproceedings{dao_nonparametric_2015,
	title        = {{Nonparametric discovery of online mental health-related communities}},
	author       = {Dao, Bo and Nguyen, Thin and Venkatesh, Svetha and Phung, Dinh},
	year         = 2015,
	month        = oct,
	booktitle    = {2015 IEEE International Conference on Data Science and Advanced Analytics (DSAA)},
	publisher    = {IEEE},
	address      = {Campus des Cordeliers, Paris, France},
	pages        = {1--10},
	doi          = {10.1109/DSAA.2015.7344841},
	isbn         = {978-1-4673-8272-4},
	url          = {http://ieeexplore.ieee.org/document/7344841/},
}
@inproceedings{noureen_semantic_2017,
	title        = {{Semantic analysis of social media and associated psychotic behavior}},
	author       = {Noureen, Amna and Qamar, Usman and Ali, Mubashir},
	year         = 2017,
	month        = jul,
	booktitle    = {2017 13th {International} {Conference} on {Natural} {Computation}, {Fuzzy} {Systems} and {Knowledge} {Discovery} ({ICNC}-{FSKD})},
	publisher    = {IEEE},
	address      = {Guilin},
	pages        = {1621--1630},
	doi          = {10.1109/FSKD.2017.8393009},
	isbn         = {978-1-5386-2165-3},
	url          = {https://ieeexplore.ieee.org/document/8393009/},
}
@article{nguyen_affective_2014,
	title        = {{Affective and Content Analysis of Online Depression Communities}},
	author       = {Nguyen, Thin and Phung, Dinh and Dao, Bo and Venkatesh, Svetha and Berk, Michael},
	year         = 2014,
	month        = jul,
	journal      = {IEEE Transactions on Affective Computing},
	volume       = 5,
	number       = 3,
	pages        = {217--226},
	doi          = {10.1109/TAFFC.2014.2315623},
	issn         = {1949-3045},
	url          = {http://ieeexplore.ieee.org/document/6784326/},
}
@inproceedings{simms_detecting_2017,
	title        = {{Detecting Cognitive Distortions Through Machine Learning Text Analytics}},
	author       = {Simms, T and Ramstedt, C and Rich, M and Richards, M and Martinez, T and Giraud-Carrier, C},
	year         = 2017,
	month        = aug,
	booktitle    = {2017 IEEE International Conference on Healthcare Informatics (ICHI)},
	publisher    = {IEEE},
	address      = {Park City, UT, USA},
	pages        = {508--512},
	doi          = {10.1109/ICHI.2017.39},
	isbn         = {978-1-5090-4881-6},
	url          = {http://ieeexplore.ieee.org/document/8031202/},
}
@inproceedings{zucco_sentiment_2017,
	title        = {Sentiment analysis and affective computing for depression monitoring},
	author       = {Zucco, Chiara and Calabrese, Barbara and Cannataro, Mario},
	year         = 2017,
	booktitle    = {2017 IEEE International Conference on Bioinformatics and Biomedicine (BIBM)},
	publisher    = {IEEE},
	address      = {Kansas City, MO},
	pages        = {1988--1995},
	doi          = {10.1109/BIBM.2017.8217966},
	isbn         = {978-1-5090-3050-7},
	url          = {http://ieeexplore.ieee.org/document/8217966/}
}
@inproceedings{dao_discovering_2016,
	title        = {{Discovering latent affective dynamics among individuals in online mental health-related communities}},
	author       = {Dao, Bo and Nguyen, Thin and Venkatesh, Svetha and Phung, Dinh},
	year         = 2016,
	month        = jul,
	booktitle    = {2016 IEEE International Conference on Multimedia and Expo (ICME)},
	publisher    = {IEEE},
	address      = {Seattle, WA, USA},
	pages        = {1--6},
	doi          = {10.1109/ICME.2016.7552947},
	isbn         = {978-1-4673-7258-9},
	url          = {http://ieeexplore.ieee.org/document/7552947/},
	file         = {:home/silas/.var/app/com.elsevier.MendeleyDesktop/data/data/Mendeley Ltd./Mendeley Desktop/Downloaded/Dao et al. - 2016 - Discovering latent affective dynamics among individuals in online mental health-related communities.pdf:pdf},
	mendeley-groups = {Systematic Review/v3.0/IEEE}
}
@inproceedings{fang_mental_2014,
	title        = {{A mental disorder early warning approach by observing depression symptom in social diary}},
	author       = {Fang, Ying-En and Tai, Chih-Hua and Chang, Yue-Shan and Fan, Chih-Tien},
	year         = 2014,
	month        = oct,
	booktitle    = {2014 IEEE International Conference on Systems, Man, and Cybernetics (SMC)},
	publisher    = {IEEE},
	address      = {San Diego, CA, USA},
	pages        = {2060--2065},
	doi          = {10.1109/SMC.2014.6974225},
	isbn         = {978-1-4799-3840-7},
	url          = {http://ieeexplore.ieee.org/lpdocs/epic03/wrapper.htm?arnumber=6974225},
	file         = {:home/silas/.var/app/com.elsevier.MendeleyDesktop/data/data/Mendeley Ltd./Mendeley Desktop/Downloaded/Fang et al. - 2014 - A mental disorder early warning approach by observing depression symptom in social diary.pdf:pdf},
	mendeley-groups = {Systematic Review/v3.0/IEEE}
}
@article{tadesse_detection_2019,
	title        = {{Detection of {Depression}-{Related} {Posts} in {Reddit} {Social} {Media} {Forum}}},
	author       = {Tadesse, Michael M and Lin, Hongfei and Xu, Bo and Yang, Liang},
	year         = 2019,
	journal      = {IEEE Access},
	volume       = 7,
	pages        = {44883--44893},
	doi          = {10.1109/ACCESS.2019.2909180},
	issn         = {2169-3536},
	url          = {https://ieeexplore.ieee.org/document/8681445/},
	mendeley-groups = {Systematic Review/v3.0/IEEE}
}
@article{akay_assessing_2016,
	title        = {{Assessing Antidepressants Using Intelligent Data Monitoring and Mining of Online Fora}},
	author       = {Akay, Altug and Dragomir, Andrei and Erlandsson, Bjorn -Erik},
	year         = 2016,
	month        = jul,
	journal      = {IEEE Journal of Biomedical and Health Informatics},
	volume       = 20,
	number       = 4,
	pages        = {977--986},
	doi          = {10.1109/JBHI.2016.2539972},
	issn         = {2168-2194, 2168-2208},
	url          = {http://ieeexplore.ieee.org/document/7464265/},
	mendeley-groups = {Systematic Review/v3.0/IEEE}
}
@inproceedings{katchapakirin_facebook_2018,
	title        = {{Facebook Social Media for Depression Detection in the Thai Community}},
	author       = {Katchapakirin, Kantinee and Wongpatikaseree, Konlakorn and Yomaboot, Panida and Kaewpitakkun, Yongyos},
	year         = 2018,
	month        = jul,
	booktitle    = {2018 15th {International} {Joint} {Conference} on {Computer} {Science} and {Software} {Engineering} ({JCSSE})},
	publisher    = {IEEE},
	address      = {Nakhonpathom, Thailand},
	pages        = {1--6},
	doi          = {10.1109/JCSSE.2018.8457362},
	isbn         = {978-1-5386-5538-2},
	url          = {https://ieeexplore.ieee.org/document/8457362/},
	file         = {:home/silas/.var/app/com.elsevier.MendeleyDesktop/data/data/Mendeley Ltd./Mendeley Desktop/Downloaded/Katchapakirin et al. - 2018 - Facebook {Social} {Media} for {Depression} {Detection} in the {Thai} {Community}.pdf:pdf},
	mendeley-groups = {Systematic Review/v3.0/IEEE}
}
@inproceedings{chomutare_mining_2015,
	title        = {{Mining Symptoms of Severe Mood Disorders in Large Internet Communities}},
	author       = {Chomutare, Taridzo and Arsand, Eirik and Hartvigsen, Gunnar},
	year         = 2015,
	month        = jun,
	booktitle    = {2015 IEEE 28th International Symposium on Computer-Based Medical Systems},
	publisher    = {IEEE},
	address      = {Sao Carlos, Brazil},
	pages        = {214--219},
	doi          = {10.1109/CBMS.2015.36},
	isbn         = {978-1-4673-6775-2},
	url          = {http://ieeexplore.ieee.org/document/7167489/},
	mendeley-groups = {Systematic Review/v3.0/IEEE}
}
@inproceedings{wang_improved_2013,
	title        = {{An Improved Model for Depression Detection in Micro-Blog Social Network}},
	author       = {Wang, Xinyu and Zhang, Chunhong and Sun, Li},
	year         = 2013,
	month        = dec,
	booktitle    = {2013 IEEE 13th International Conference on Data Mining Workshops},
	publisher    = {IEEE},
	address      = {TX, USA},
	pages        = {80--87},
	doi          = {10.1109/ICDMW.2013.132},
	isbn         = {978-1-4799-3142-2 978-1-4799-3143-9},
	url          = {http://ieeexplore.ieee.org/document/6753906/},
	mendeley-groups = {Systematic Review/v3.0/IEEE}
}
@inproceedings{nambisan_social_2015,
	title        = {{Social Media, Big Data, and Public Health Informatics: Ruminating Behavior of Depression Revealed through Twitter}},
	shorttitle   = {Social {Media}, {Big} {Data}, and {Public} {Health}},
	author       = {Nambisan, Priya and Luo, Zhihui and Kapoor, Akshat and Patrick, Timothy B and Cisler, Ron A},
	year         = 2015,
	month        = jan,
	booktitle    = {2015 48th Hawaii International Conference on System Sciences},
	publisher    = {IEEE},
	address      = {HI, USA},
	pages        = {2906--2913},
	doi          = {10.1109/HICSS.2015.351},
	isbn         = {978-1-4799-7367-5},
	url          = {http://ieeexplore.ieee.org/document/7070166/},
	mendeley-groups = {Systematic Review/v3.0/IEEE}
}
@inproceedings{silveira_fraga_online_2018,
	title        = {{Online Social Networks in Health Care: A Study of Mental Disorders on Reddit}},
	shorttitle   = {Online {Social} {Networks} in {Health} {Care}},
	author       = {{Silveira Fraga}, Barbara and da Silva, Ana Paula and Murai, Fabricio},
	year         = 2018,
	month        = dec,
	booktitle    = {2018 {IEEE}/{WIC}/{ACM} {International} {Conference} on {Web} {Intelligence} ({WI})},
	publisher    = {IEEE},
	address      = {Santiago},
	pages        = {568--573},
	doi          = {10.1109/WI.2018.00-36},
	isbn         = {978-1-5386-7325-6},
	url          = {https://ieeexplore.ieee.org/document/8609647/},
	file         = {:home/silas/.var/app/com.elsevier.MendeleyDesktop/data/data/Mendeley Ltd./Mendeley Desktop/Downloaded/Silveira Fraga, da Silva, Murai - 2018 - Online {Social} {Networks} in {Health} {Care} {A} {Study} of {Mental} {Disorders} on {Reddit}.pdf:pdf},
	mendeley-groups = {Systematic Review/v3.0/IEEE}
}
@article{larsen_we_2015,
	title        = {{We Feel: Mapping Emotion on Twitter}},
	shorttitle   = {We {Feel}},
	author       = {Larsen, Mark E and Boonstra, Tjeerd W and Batterham, Philip J and O'Dea, Bridianne and Paris, Cecile and Christensen, Helen},
	year         = 2015,
	month        = jul,
	journal      = {IEEE Journal of Biomedical and Health Informatics},
	volume       = 19,
	number       = 4,
	pages        = {1246--1252},
	doi          = {10.1109/JBHI.2015.2403839},
	issn         = {2168-2194, 2168-2208},
	url          = {http://ieeexplore.ieee.org/document/7042256/},
	file         = {:home/silas/.var/app/com.elsevier.MendeleyDesktop/data/data/Mendeley Ltd./Mendeley Desktop/Downloaded/Larsen et al. - 2015 - We {Feel} {Mapping} {Emotion} on {Twitter}.pdf:pdf},
	mendeley-groups = {Systematic Review/v3.0/IEEE}
}
@inproceedings{dao_effect_2016,
	title        = {Effect of social capital on emotion, language style and latent topics in online depression community},
	author       = {Dao, Bo and Nguyen, Thin and Venkatesh, Svetha and Phung, Dinh},
	year         = 2016,
	month        = nov,
	booktitle    = {2016 IEEE RIVF International Conference on Computing \& Communication Technologies, Research, Innovation, and Vision for the Future (RIVF)},
	publisher    = {IEEE},
	address      = {Hanoi, Vietnam},
	pages        = {61--66},
	doi          = {10.1109/RIVF.2016.7800270},
	url          = {http://ieeexplore.ieee.org/document/7800270/}
}
@inproceedings{dao_analysis_2014,
	title        = {Analysis of circadian rhythms from online communities of individuals with affective disorders},
	author       = {Dao, Bo and Nguyen, Thin and Venkatesh, Svetha and Phung, Dinh},
	year         = 2014,
	month        = oct,
	booktitle    = {2014 International Conference on Data Science and Advanced Analytics (DSAA)},
	publisher    = {IEEE},
	address      = {Shanghai, China},
	pages        = {463--469},
	doi          = {10.1109/DSAA.2014.7058113},
	isbn         = {978-1-4799-6991-3},
	url          = {http://ieeexplore.ieee.org/document/7058113/},
	mendeley-groups = {Systematic Review/v3.0/IEEE}
}
@article{saha_framework_2016,
	title        = {A Framework for Classifying Online Mental Health-Related Communities With an Interest in Depression},
	author       = {Saha, Budhaditya and Nguyen, Thin and Phung, Dinh and Venkatesh, Svetha},
	year         = 2016,
	month        = jul,
	journal      = {IEEE Journal of Biomedical and Health Informatics},
	volume       = 20,
	number       = 4,
	pages        = {1008--1015},
	doi          = {10.1109/JBHI.2016.2543741},
	issn         = {2168-2194, 2168-2208},
	url          = {https://ieeexplore.ieee.org/document/7436759/}
}
@inproceedings{wongkoblap_multilevel_2018,
	title        = {{A Multilevel Predictive Model for Detecting Social Network Users with Depression}},
	author       = {Wongkoblap, Akkapon and Vadillo, Miguel A and Curcin, Vasa},
	year         = 2018,
	month        = jun,
	booktitle    = {2018 {IEEE} {International} {Conference} on {Healthcare} {Informatics} ({ICHI})},
	publisher    = {IEEE},
	address      = {New York, NY},
	pages        = {130--135},
	doi          = {10.1109/ICHI.2018.00022},
	isbn         = {978-1-5386-5377-7},
	url          = {https://ieeexplore.ieee.org/document/8419355/},
	mendeley-groups = {Systematic Review/v3.0/IEEE}
}
@article{trotzek_utilizing_2018,
	title        = {{Utilizing Neural Networks and Linguistic Metadata for Early Detection of Depression Indications in {Text} {Sequences}}},
	author       = {Trotzek, Marcel and Koitka, Sven and Friedrich, Christoph M},
	year         = 2018,
	journal      = {IEEE Transactions on Knowledge and Data Engineering},
	pages        = 1,
	doi          = {10.1109/TKDE.2018.2885515},
	issn         = {1041-4347, 1558-2191, 2326-3865},
	url          = {https://ieeexplore.ieee.org/document/8580405/ https://arxiv.org/pdf/1804.07000.pdf},
	mendeley-groups = {Systematic Review/v3.0/IEEE}
}
@inproceedings{oyong_natural_2018,
	title        = {{Natural Language Processing and Lexical Approach for Depression Symptoms Screening of Indonesian Twitter User}},
	author       = {Oyong, Irwan and Utami, Ema and Luthfi, Emha Taufiq},
	year         = 2018,
	month        = jul,
	booktitle    = {2018 10th International Conference on Information Technology and Electrical Engineering (ICITEE)},
	publisher    = {IEEE},
	address      = {Kuta},
	pages        = {359--364},
	doi          = {10.1109/ICITEED.2018.8534929},
	isbn         = {978-1-5386-4739-4},
	url          = {https://ieeexplore.ieee.org/document/8534929/},
	mendeley-groups = {Systematic Review/v3.0/IEEE}
}
/ ACM
@inproceedings{Zhao:2018:TCM:3302425.3302501,
	title        = {{Text Classification of Micro-blog's "Tree Hole" Based on Convolutional Neural Network}},
	author       = {Zhao, Xiaoli and Lin, Shaofu and Huang, Zhisheng},
	year         = 2018,
	booktitle    = {Proceedings of the 2018 International Conference on Algorithms, Computing and Artificial Intelligence},
	publisher    = {ACM},
	address      = {New York, NY, USA},
	series       = {ACAI 2018},
	pages        = {61:1----61:5},
	doi          = {10.1145/3302425.3302501},
	isbn         = {978-1-4503-6625-0},
	url          = {http://doi.acm.org/10.1145/3302425.3302501},
}
@inproceedings{Bagroy:2017:SMB:3025453.3025909,
	title        = {{A Social Media Based Index of Mental Well-Being in College Campuses}},
	author       = {Bagroy, Shrey and Kumaraguru, Ponnurangam and {De Choudhury}, Munmun},
	year         = 2017,
	booktitle    = {Proceedings of the 2017 CHI Conference on Human Factors in Computing Systems},
	publisher    = {ACM},
	address      = {New York, NY, USA},
	series       = {CHI '17},
	pages        = {1634--1646},
	doi          = {10.1145/3025453.3025909},
	isbn         = {978-1-4503-4655-9},
	url          = {http://doi.acm.org/10.1145/3025453.3025909},
	file         = {:home/silas/.var/app/com.elsevier.MendeleyDesktop/data/data/Mendeley Ltd./Mendeley Desktop/Downloaded/Bagroy, Kumaraguru, De Choudhury - 2017 - A Social Media Based Index of Mental Well-Being in College Campuses.pdf:pdf},
	keywords     = {ALMOST READ,college mental health,reddit,social media,transfer learning},
	mendeley-groups = {Systematic Review/v3.0/ACM},
	mendeley-tags = {ALMOST READ}
}
@inproceedings{Park:2015:MDL:2675133.2675139,
	title        = {{Manifestation of Depression and Loneliness on Social Networks: A Case Study of Young Adults on Facebook}},
	author       = {Park, Sungkyu and Kim, Inyeop and Lee, Sang Won and Yoo, Jaehyun and Jeong, Bumseok and Cha, Meeyoung},
	year         = 2015,
	booktitle    = {Proceedings of the 18th ACM Conference on Computer Supported Cooperative Work \& Social Computing},
	publisher    = {ACM},
	address      = {New York, NY, USA},
	series       = {CSCW '15},
	pages        = {557--570},
	doi          = {10.1145/2675133.2675139},
	isbn         = {978-1-4503-2922-4},
	url          = {http://doi.acm.org/10.1145/2675133.2675139},
	keywords     = {depression,facebook,mental health,online activities,social media,web application},
	mendeley-groups = {Systematic Review/v3.0/ACM}
}
@inproceedings{Oliveira:2018:DAD:3229345.3229354,
	title        = {{Developing an Application for Dealing with Depression Through the Analysis of Information and Requirements Found in Groups from a Social Network}},
	author       = {Oliveira, Maria Ludmilla and Rivero, Luis and {de Oliveira Neto}, Jos{\'{e}} Nunes and Santos, Rodrigo and Viana, Davi},
	year         = 2018,
	booktitle    = {Proceedings of the XIV Brazilian Symposium on Information Systems},
	publisher    = {ACM},
	address      = {New York, NY, USA},
	series       = {SBSI'18},
	pages        = {8:1----8:10},
	doi          = {10.1145/3229345.3229354},
	isbn         = {978-1-4503-6559-8},
	url          = {http://doi.acm.org/10.1145/3229345.3229354},
	file         = {:home/silas/.var/app/com.elsevier.MendeleyDesktop/data/data/Mendeley Ltd./Mendeley Desktop/Downloaded/Oliveira et al. - 2018 - Developing an Application for Dealing with Depression Through the Analysis of Information and Requirements Foun.pdf:pdf},
	keywords     = {Empathy Map,Personas,READ,Requirements Engineering,Social Networks},
	mendeley-groups = {Systematic Review/v3.0/ACM},
	mendeley-tags = {READ}
}
@inproceedings{Yazdavar:2017:SAM:3110025.3123028,
	title        = {{Semi-Supervised Approach to Monitoring Clinical Depressive Symptoms in Social Media}},
	author       = {Yazdavar, Amir Hossein and Al-Olimat, Hussein S and Ebrahimi, Monireh and Bajaj, Goonmeet and Banerjee, Tanvi and Thirunarayan, Krishnaprasad and Pathak, Jyotishman and Sheth, Amit},
	year         = 2017,
	booktitle    = {Proceedings of the 2017 IEEE/ACM International Conference on Advances in Social Networks Analysis and Mining 2017},
	publisher    = {ACM},
	address      = {New York, NY, USA},
	series       = {ASONAM '17},
	pages        = {1191--1198},
	doi          = {10.1145/3110025.3123028},
	isbn         = {978-1-4503-4993-2},
	url          = {http://doi.acm.org/10.1145/3110025.3123028},
	file         = {:home/silas/.var/app/com.elsevier.MendeleyDesktop/data/data/Mendeley Ltd./Mendeley Desktop/Downloaded/Yazdavar et al. - 2017 - Semi-Supervised Approach to Monitoring Clinical Depressive Symptoms in Social Media.pdf:pdf},
	keywords     = {Mental Health,Natural Language Processing,READ,Semi-supervised Machine Learning,Social Media},
	mendeley-groups = {Systematic Review/v3.0/ACM},
	mendeley-tags = {READ}
}
@inproceedings{Sadeque2018,
	title        = {{Measuring the Latency of Depression Detection in Social Media}},
	author       = {Sadeque, Farig and Xu, Dongfang and Bethard, Steven},
	year         = 2018,
	booktitle    = {Proceedings of the Eleventh ACM International Conference on Web Search and Data Mining - WSDM '18},
	doi          = {10.1145/3159652.3159725},
	isbn         = 9781450355810,
	file         = {:home/silas/.var/app/com.elsevier.MendeleyDesktop/data/data/Mendeley Ltd./Mendeley Desktop/Downloaded/Sadeque, Xu, Bethard - 2018 - Measuring the Latency of Depression Detection in Social Media.pdf:pdf},
	keywords     = {READ},
	mendeley-groups = {Systematic Review/v3.0/ACM},
	mendeley-tags = {READ}
}
@inproceedings{Chancellor:2019:TET:3287560.3287587,
	title        = {{A Taxonomy of Ethical Tensions in Inferring Mental Health States from Social Media}},
	author       = {Chancellor, Stevie and Birnbaum, Michael L and Caine, Eric D and Silenzio, Vincent M B and {De Choudhury}, Munmun},
	year         = 2019,
	booktitle    = {Proceedings of the Conference on Fairness, Accountability, and Transparency},
	publisher    = {ACM},
	address      = {New York, NY, USA},
	series       = {FAT* '19},
	pages        = {79--88},
	doi          = {10.1145/3287560.3287587},
	isbn         = {978-1-4503-6125-5},
	url          = {http://doi.acm.org/10.1145/3287560.3287587},
	keywords     = {algorithms,ethics,machine learning,mental health,social media},
	mendeley-groups = {Systematic Review/v3.0/ACM}
}
@inproceedings{DeChoudhury:2017:GCD:2998181.2998220,
	title        = {{Gender and Cross-Cultural Differences in Social Media Disclosures of Mental Illness}},
	author       = {{De Choudhury}, Munmun and Sharma, Sanket S and Logar, Tomaz and Eekhout, Wouter and Nielsen, Ren{\'{e}} Clausen},
	year         = 2017,
	booktitle    = {Proceedings of the 2017 ACM Conference on Computer Supported Cooperative Work and Social Computing},
	publisher    = {ACM},
	address      = {New York, NY, USA},
	series       = {CSCW '17},
	pages        = {353--369},
	doi          = {10.1145/2998181.2998220},
	isbn         = {978-1-4503-4335-0},
	url          = {http://doi.acm.org/10.1145/2998181.2998220},
	file         = {:home/silas/.var/app/com.elsevier.MendeleyDesktop/data/data/Mendeley Ltd./Mendeley Desktop/Downloaded/De Choudhury et al. - 2017 - Gender and Cross-Cultural Differences in Social Media Disclosures of Mental Illness.pdf:pdf},
	keywords     = {culture,depression,gender,health,mental health,reddit,social media,suicide,twitter},
	mendeley-groups = {Systematic Review/v3.0/ACM}
}
@inproceedings{Nobles:2018:IIS:3173574.3173987,
	title        = {{Identification of Imminent Suicide Risk Among Young Adults Using Text Messages}},
	author       = {Nobles, Alicia L and Glenn, Jeffrey J and Kowsari, Kamran and Teachman, Bethany A and Barnes, Laura E},
	year         = 2018,
	booktitle    = {Proceedings of the 2018 CHI Conference on Human Factors in Computing Systems},
	publisher    = {ACM},
	address      = {New York, NY, USA},
	series       = {CHI '18},
	pages        = {413:1----413:11},
	doi          = {10.1145/3173574.3173987},
	isbn         = {978-1-4503-5620-6},
	url          = {http://doi.acm.org/10.1145/3173574.3173987},
	file         = {:home/silas/.var/app/com.elsevier.MendeleyDesktop/data/data/Mendeley Ltd./Mendeley Desktop/Downloaded/Nobles et al. - 2018 - Identification of Imminent Suicide Risk Among Young Adults Using Text Messages.pdf:pdf},
	keywords     = {depression,mental health,social media,suicide,text messages},
	mendeley-groups = {Systematic Review/v3.0/ACM}
}
@inproceedings{Wilson:2014:FIM:2637002.2637006,
	title        = {{Finding Information About Mental Health in Microblogging Platforms: A Case Study of Depression}},
	author       = {Wilson, Max L and Ali, Susan and Valstar, Michel F},
	year         = 2014,
	booktitle    = {Proceedings of the 5th Information Interaction in Context Symposium},
	publisher    = {ACM},
	address      = {New York, NY, USA},
	series       = {IIiX '14},
	pages        = {8--17},
	doi          = {10.1145/2637002.2637006},
	isbn         = {978-1-4503-2976-7},
	url          = {http://doi.acm.org/10.1145/2637002.2637006},
	file         = {:home/silas/.var/app/com.elsevier.MendeleyDesktop/data/data/Mendeley Ltd./Mendeley Desktop/Downloaded/Wilson, Ali, Valstar - 2014 - Finding Information About Mental Health in Microblogging Platforms A Case Study of Depression.pdf:pdf},
	keywords     = {depression,information retrieval,information seeking,mental health,microblogging},
	mendeley-groups = {Systematic Review/v3.0/ACM}
}
@inproceedings{de_choudhury_major_2013,
	title        = {{Major life changes and behavioral markers in social media: case of childbirth}},
	shorttitle   = {Major life changes and behavioral markers in socia},
	author       = {{De Choudhury}, Munmun and Counts, Scott and Horvitz, Eric},
	year         = 2013,
	booktitle    = {Proceedings of the 2013 conference on {Computer} supported cooperative work - {CSCW} '13},
	publisher    = {ACM Press},
	address      = {San Antonio, Texas, USA},
	pages        = 1431,
	doi          = {10.1145/2441776.2441937},
	isbn         = {978-1-4503-1331-5},
	url          = {http://www.census.gov/genealogy/www/data/1990surname http://dl.acm.org/citation.cfm?doid=2441776.2441937},
	file         = {:home/silas/.var/app/com.elsevier.MendeleyDesktop/data/data/Mendeley Ltd./Mendeley Desktop/Downloaded/De Choudhury, Counts, Horvitz - 2013 - Major Life Changes and Behavioral Markers in Social Media Case of Childbirth(2).pdf:pdf},
	keywords     = {,Author Keywords childbirth,Twitter,emotion,health,language,postpartum,social media,wellness ACM Classification Keywords},
	mendeley-groups = {Systematic Review/v3.0/ACM}
}
@inproceedings{Li2016,
	title        = {{SunForum: Understanding Depression in a Chinese Online Community}},
	author       = {Li, Guo and Zhou, Xiaomu and Lu, Tun and Yang, Jiang and Gu, Ning},
	year         = 2016,
	booktitle    = {Proceedings of the 19th ACM Conference on Computer-Supported Cooperative Work \& Social Computing - CSCW 16},
	publisher    = {ACM Press},
	address      = {New York, New York, USA},
	pages        = {514--525},
	doi          = {10.1145/2818048.2819994},
	isbn         = 9781450335928,
	url          = {http://dx.doi.org/10.1145/2818048.2819994 http://dl.acm.org/citation.cfm?doid=2818048.2819994},
	keywords     = {Author's kit,Conference Publications,Guides,instructions},
	mendeley-groups = {Systematic Review,Systematic Review/v1.0/ACM,Systematic Review/v3.0/ACM}
}
@inproceedings{Chen2018,
	title        = {{What about Mood Swings}},
	author       = {Chen, Xuetong and Sykora, Martin D and Jackson, Thomas W and Elayan, Suzanne},
	year         = 2018,
	booktitle    = {Companion of the The Web Conference 2018 on The Web Conference 2018 - WWW '18},
	publisher    = {ACM Press},
	address      = {New York, New York, USA},
	pages        = {1653--1660},
	doi          = {10.1145/3184558.3191624},
	isbn         = 9781450356404,
	url          = {https://doi.org/10.1145/3184558.3191624 http://dl.acm.org/citation.cfm?doid=3184558.3191624},
	keywords     = {READ},
}
@article{Tsugawa2015,
	title        = {{Recognizing Depression from Twitter Activity}},
	author       = {Tsugawa, Sho and Kikuchi, Yusuke and Kishino, Fumio and Nakajima, Kosuke and Itoh, Yuichi and Ohsaki, Hiroyuki},
	year         = 2015,
	journal      = {Proceedings of the 33rd Annual ACM Conference on Human Factors in Computing Systems - CHI '15},
	pages        = {3187--3196},
	doi          = {10.1145/2702123.2702280},
	isbn         = 9781450331456,
	url          = {http://dl.acm.org/citation.cfm?doid=2702123.2702280},
	keywords     = {READ},
	mendeley-groups = {Psychology + Social Networks,Systematic Review/v3.0/ACM},
	mendeley-tags = {READ}
}
@inproceedings{Kavuluru:2016:CHC:2975167.2975170,
	title        = {{Classification of Helpful Comments on Online Suicide Watch Forums}},
	author       = {Kavuluru, Ramakanth and Ramos-Morales, Mar\'\ia and Holaday, Tara and Williams, Amanda G and Haye, Laura and Cerel, Julie},
	year         = 2016,
	booktitle    = {Proceedings of the 7th ACM International Conference on Bioinformatics, Computational Biology, and Health Informatics},
	publisher    = {ACM},
	address      = {New York, NY, USA},
	series       = {BCB '16},
	pages        = {32--40},
	doi          = {10.1145/2975167.2975170},
	isbn         = {978-1-4503-4225-4},
	url          = {http://doi.acm.org/10.1145/2975167.2975170},
	keywords     = {suicide prevention,text classification},
	mendeley-groups = {Systematic Review/v3.0/ACM}
}
@article{Vedula2017,
	title        = {{Emotional and Linguistic Cues of Depression from Social Media}},
	author       = {Vedula, Nikhita and Parthasarathy, Srinivasan},
	year         = 2017,
	journal      = {Proceedings of the 2017 International Conference on Digital Health - DH '17},
	pages        = {127--136},
	doi          = {10.1145/3079452.3079465},
	isbn         = 9781450352499,
	url          = {http://dl.acm.org/citation.cfm?doid=3079452.3079465},
	keywords     = {READ},
	mendeley-groups = {Systematic Review/v3.0/ACM},
	mendeley-tags = {READ}
}
@inproceedings{andalibi_sensitive_2017,
	title        = {{Sensitive Self-disclosures, Responses, and Social Support on Instagram: The Case of \#Depression}},
	shorttitle   = {Sensitive {Self}-disclosures, {Responses}, and {So}},
	author       = {Andalibi, Nazanin and Ozturk, Pinar and Forte, Andrea},
	year         = 2017,
	booktitle    = {Proceedings of the 2017 {ACM} {Conference} on {Computer} {Supported} {Cooperative} {Work} and {Social} {Computing} - {CSCW} '17},
	publisher    = {ACM Press},
	address      = {Portland, Oregon, USA},
	pages        = {1485--1500},
	doi          = {10.1145/2998181.2998243},
	isbn         = {978-1-4503-4335-0},
	url          = {http://dl.acm.org/citation.cfm?doid=2998181.2998243},
	mendeley-groups = {Systematic Review,Systematic Review/v3.0/ACM}
}
@inproceedings{Homan:2014:SSD:2531602.2531704,
	title        = {{Social Structure and Depression in TrevorSpace}},
	author       = {Homan, Christopher M and Lu, Naiji and Tu, Xin and Lytle, Megan C and Silenzio, Vincent M B},
	year         = 2014,
	booktitle    = {Proceedings of the 17th ACM Conference on Computer Supported Cooperative Work \& Social Computing},
	publisher    = {ACM},
	address      = {New York, NY, USA},
	series       = {CSCW '14},
	pages        = {615--625},
	doi          = {10.1145/2531602.2531704},
	isbn         = {978-1-4503-2540-0},
	url          = {http://doi.acm.org/10.1145/2531602.2531704},
	file         = {:home/silas/.var/app/com.elsevier.MendeleyDesktop/data/data/Mendeley Ltd./Mendeley Desktop/Downloaded/Homan et al. - 2014 - Social Structure and Depression in TrevorSpace.pdf:pdf},
	keywords     = {lgbt youth,social media.,social network analysis},
	mendeley-groups = {Systematic Review/v3.0/ACM}
}
@article{DeChoudhury2014,
	title        = {{Characterizing and Predicting Postpartum Depression from Shared Facebook Data}},
	author       = {{De Choudhury}, Munmun and Counts, Scott and Horvitz, Eric J and Hoff, Aaron},
	year         = 2014,
	journal      = {CSCW 14: Proceedings of the 17th ACM conference on Computer supported cooperative work & social computing},
	doi          = {10.1145/2531602.2531675},
	url          = {http://dx.doi.org/10.1145/2531602.2531675}
}
@inproceedings{DeChoudhury:2013:SMM:2464464.2464480,
	title        = {{Social Media As a Measurement Tool of Depression in Populations}},
	author       = {{De Choudhury}, Munmun and Counts, Scott and Horvitz, Eric},
	year         = 2013,
	booktitle    = {Proceedings of the 5th Annual ACM Web Science Conference},
	publisher    = {ACM},
	address      = {New York, NY, USA},
	series       = {WebSci '13},
	pages        = {47--56},
	doi          = {10.1145/2464464.2464480},
	isbn         = {978-1-4503-1889-1},
	url          = {http://doi.acm.org/10.1145/2464464.2464480},
	file         = {:home/silas/.var/app/com.elsevier.MendeleyDesktop/data/data/Mendeley Ltd./Mendeley Desktop/Downloaded/De Choudhury, Counts, Horvitz - 2013 - Social media as a measurement tool of depression in populations.pdf:pdf},
	keywords     = {READ,Twitter,behavior,depression,emotion,health,language,mental health,public health,social media,wellness},
	mendeley-groups = {Systematic Review/v3.0/ACM},
	mendeley-tags = {READ}
}
@inproceedings{DeChoudhury:2013:PPC:2470654.2466447,
	title        = {{Predicting postpartum changes in emotion and behavior via social media}},
	author       = {{De Choudhury}, Munmun and Counts, Scott and Horvitz, Eric},
	year         = 2013,
	booktitle    = {Proceedings of the SIGCHI Conference on Human Factors in Computing Systems - CHI '13},
	publisher    = {ACM Press},
	address      = {New York, New York, USA},
	series       = {CHI '13},
	pages        = 3267,
	doi          = {10.1145/2470654.2466447},
	isbn         = 9781450318990,
	url          = {http://doi.acm.org/10.1145/2470654.2466447 http://dl.acm.org/citation.cfm?doid=2470654.2466447},
	keywords     = {behavioral health,childbirth,depression,emotion,health,language,postpartum,ppd,social media,twitter,wellness},
}
